
%%%%%%%%%%%%%%%%%%%%%%%%%%%%%%%%%%%%%%%%%%%%%%%%%%%%%%%%%%%%%%%%%%%%%%%%%%%%%%%%%
% Monte Carlo method
@article{Kroese2014WhyTM,
  author = "Kroese, D.~P. and Brereton, T. and Taimre, T. and Botev, Z.",
  title = "{Why the Monte Carlo method is so important today}",
  journal = "{Wiley Interdisciplinary Reviews: Computational Statistics}",
  year = "2014",
  volume = "6",
  pages = "386"
}
@book{dunn2011exploring,
  author = "Dunn, W.~L. and Shultis, J.~K.",
  title = "{Exploring Monte Carlo methods}",
  publisher = "{Elsevier Science}",
  year = "2011",
  isbn = "9780080930619"
}
%%%%%%%%%%%%%%%%%%%%%%%%%%%%%%%%%%%%%%%%%%%%%%%%%%%%%%%%%%%%%%%%%%%%%%%%%%%%%%%%%

%%%%%%%%%%%%%%%%%%%%%%%%%%%%%%%%%%%%%%%%%%%%%%%%%%%%%%%%%%%%%%%%%%%%%%%%%%%%%%%%%
% LHC design report
@article{Bruning:2004ej,
    editor = "Bruning, Oliver S. and Collier, P. and Lebrun, P. and Myers, S. and Ostojic, R. and Poole, J. and Proudlock, P.",
    title = "{LHC Design Report Vol.~1: The LHC main ring. }",
    reportNumber = "CERN-2004-003-V1, CERN-2004-003, CERN-2004-003-V-1",
    doi = "10.5170/CERN-2004-003-V-1",
    month = "6",
    year = "2004"
}
@article{Buning:2004wk,
    editor = "Buning, O. and Collier, P. and Lebrun, P. and Myers, S. and Ostojic, R. and Poole, J. and Proudlock, P.",
    title = "{LHC Design Report Vol.~2: The LHC infrastructure and general services. }",
    reportNumber = "CERN-2004-003-V-2, CERN-2004-003",
    doi = "10.5170/CERN-2004-003-V-2",
    month = "11",
    year = "2004"
}
@article{Benedikt:2004wm,
    editor = "Benedikt, M. and Collier, P. and Mertens, V. and Poole, J. and Schindl, K.",
    title = "{LHC Design Report Vol.~3: The LHC injector chain. }",
    reportNumber = "CERN-2004-003-V-3, CERN-2004-003",
    doi = "10.5170/CERN-2004-003-V-3",
    month = "12",
    year = "2004"
}
%%%%%%%%%%%%%%%%%%%%%%%%%%%%%%%%%%%%%%%%%%%%%%%%%%%%%%%%%%%%%%%%%%%%%%%%%%%%%%%%%

%%%%%%%%%%%%%%%%%%%%%%%%%%%%%%%%%%%%%%%%%%%%%%%%%%%%%%%%%%%%%%%%%%%%%%%%%%%%%%%%%
% LHC luminosity
@TECHREPORT{ATLAS-CONF-2019-021,
     author        = "{ATLAS Collaboration}",
     title         = "{Luminosity determination in $\Pp\Pp$ collisions at $\sqrt{s}=13$~\TeV using the ATLAS detector at the LHC}",
     URL           = "{https://cds.cern.ch/record/2677054}",
     type          = "{ATLAS CONF Note}",
     reportNumber  = "ATLAS-CONF-2019-021",
     year          = "ATLAS-CONF-2019-021",
     SLACcitation  = "%%CITATION = ATLAS-CONF-2019-021;%%"
}
@TECHREPORT{LUM-17-001,
     author        = "{CMS Collaboration}",
     title         = "{CMS} luminosity measurements for the 2016 data-taking period",
     URL           = "{http://cds.cern.ch/record/2257069}",
     type          = "{CMS Physics Analysis Summary}",
     reportNumber        = "CMS-PAS-LUM-17-001",
     year          = "CMS-PAS-LUM-17-001",
     SLACcitation  = "%%CITATION = CMS-PAS-LUM-17-001;%%"
}
@TECHREPORT{LUM-17-004,
     author        = "{CMS Collaboration}",
     title         = "{CMS} luminosity measurement for the 2017 data-taking 
                       period at {$\sqrt{s} = 13\TeV$}",
     URL           = "{http://cds.cern.ch/record/2621960}",
     type          = "{CMS Physics Analysis Summary}",
     reportNumber        = "CMS-PAS-LUM-17-004",
     year          = "CMS-PAS-LUM-17-004",
     SLACcitation  = "%%CITATION = CMS-PAS-LUM-17-004;%%"
}
@TECHREPORT{LUM-18-002,
     author        = "{CMS Collaboration}",
     title         = "{CMS} luminosity measurement for the 2018 data-taking
                       period at {$\sqrt{s} = 13\TeV$}",
     URL           = "{http://cds.cern.ch/record/2676164}",
     type          = "{CMS Physics Analysis Summary}",
     reportNumber        = "CMS-PAS-LUM-18-002",
     year          = "CMS-PAS-LUM-18-002",
     SLACcitation  = "%%CITATION = CMS-PAS-LUM-18-002;%%"
}
%%%%%%%%%%%%%%%%%%%%%%%%%%%%%%%%%%%%%%%%%%%%%%%%%%%%%%%%%%%%%%%%%%%%%%%%%%%%%%%%%

%%%%%%%%%%%%%%%%%%%%%%%%%%%%%%%%%%%%%%%%%%%%%%%%%%%%%%%%%%%%%%%%%%%%%%%%%%%%%%%%%
% Proton-proton inelastic scattering cross section
@article{Aaboud:2016mmw,
    author = "{ATLAS Collaboration}",
    title = "{Measurement of the inelastic proton-proton cross section at $\sqrt{s} = 13$~\TeV with the ATLAS Detector at the LHC}",
    eprint = "1606.02625",
    archivePrefix = "arXiv",
    primaryClass = "hep-ex",
    reportNumber = "CERN-EP-2016-140",
    doi = "10.1103/PhysRevLett.117.182002",
    journal = "Phys. Rev. Lett.",
    volume = "117",
    number = "18",
    pages = "182002",
    year = "2016"
}
@article{Sirunyan:2018nqx,
    author = "{CMS Collaboration}",
    title = "{Measurement of the inelastic proton-proton cross section at $\sqrt{s}=13$~\TeV}",
    eprint = "1802.02613",
    archivePrefix = "arXiv",
    primaryClass = "hep-ex",
    reportNumber = "CMS-FSQ-15-005, CERN-EP-2018-004",
    doi = "10.1007/JHEP07(2018)161",
    journal = "JHEP",
    volume = "07",
    pages = "161",
    year = "2018"
}
%%%%%%%%%%%%%%%%%%%%%%%%%%%%%%%%%%%%%%%%%%%%%%%%%%%%%%%%%%%%%%%%%%%%%%%%%%%%%%%%%

%%%%%%%%%%%%%%%%%%%%%%%%%%%%%%%%%%%%%%%%%%%%%%%%%%%%%%%%%%%%%%%%%%%%%%%%%%%%%%%%%
% Monte Carlo generators
@article{POWHEG1,
      author         = "Nason, Paolo",
      title          = "A new method for combining {NLO} {QCD} with shower {Monte}
                        {Carlo} algorithms",
      journal        = "JHEP",
      volume         = "11",
      year           = "2004",
      pages          = "040",
      doi            = "10.1088/1126-6708/2004/11/040",
      eprint         = "hep-ph/0409146",
      archivePrefix  = "arXiv",
      primaryClass   = "hep-ph",
      reportNumber   = "BICOCCA-FT-04-11",
      SLACcitation   = "%%CITATION = HEP-PH/0409146;%%"
}
@article{POWHEG2,
      author         = "Frixione, Stefano and Nason, Paolo and Oleari, Carlo",
      title          = "Matching {NLO} {QCD} computations with parton shower
                        simulations: the {\POWHEG} method",
      journal        = "JHEP",
      volume         = "11",
      year           = "2007",
      pages          = "070",
      doi            = "10.1088/1126-6708/2007/11/070",
      eprint         = "0709.2092",
      archivePrefix  = "arXiv",
      primaryClass   = "hep-ph",
      reportNumber   = "BICOCCA-FT-07-9, GEF-TH-21-2007",
      SLACcitation   = "%%CITATION = ARXIV:0709.2092;%%"
}
@article{POWHEG3,
      author         = "Alioli, Simone and Nason, Paolo and Oleari, Carlo and Re,
                        Emanuele",
      title          = "A general framework for implementing {NLO} calculations in
                        shower {Monte} {Carlo} programs: the {\POWHEG \textsc{BOX}}",
      journal        = "JHEP",
      volume         = "06",
      year           = "2010",
      pages          = "043",
      doi            = "10.1007/JHEP06(2010)043",
      eprint         = "1002.2581",
      archivePrefix  = "arXiv",
      primaryClass   = "hep-ph",
      reportNumber   = "DESY-10-018, SFB-CPP-10-22, IPPP-10-11, DCPT-10-22",
      SLACcitation   = "%%CITATION = ARXIV:1002.2581;%%"
}
@article{MGvATNLO,
      author         = "Alwall, J. and Frederix, R. and Frixione, S. and Hirschi,
                        V. and Maltoni, F. and Mattelaer, O. and Shao, H. S. and
                        Stelzer, T. and Torrielli, P. and Zaro, M.",
      title          = "The automated computation of tree-level and
                        next-to-leading order differential cross sections, and
                        their matching to parton shower simulations",
      journal        = "JHEP",
      volume         = "07",
      year           = "2014",
      pages          = "079",
      doi            = "10.1007/JHEP07(2014)079",
      eprint         = "1405.0301",
      archivePrefix  = "arXiv",
      primaryClass   = "hep-ph",
      reportNumber   = "CERN-PH-TH-2014-064, CP3-14-18, LPN14-066, MCNET-14-09,
                        ZU-TH-14-14",
      SLACcitation   = "%%CITATION = ARXIV:1405.0301;%%"
}
@article{PYTHIA,
      author         = "Sj{\"o}strand, T. and Ask, S. and Christiansen,
                        J.~R. and Corke, R. and Desai, N. and Ilten,
                        P. and Mrenna, S. and Prestel, S. and
                        Rasmussen, C.~O. and Skands, P.~Z.",
      title          = "An introduction to {\PYTHIA} $8.2$",
      journal        = "Comput. Phys. Commun.",
      volume         = "191",
      year           = "2015",
      pages          = "159",
      doi            = "10.1016/j.cpc.2015.01.024",
      eprint         = "1410.3012",
      archivePrefix  = "arXiv",
      primaryClass   = "hep-ph",
      reportNumber   = "LU-TP-14-36, MCNET-14-22, CERN-PH-TH-2014-190,
                        FERMILAB-PUB-14-316-CD, DESY-14-178, SLAC-PUB-16122",
      SLACcitation   = "%%CITATION = ARXIV:1410.3012;%%"
}
@article{SHERPA,
      author = "Gleisberg, T. and H{\"o}che, S. and Krauss, F. and Sch{\"o}nherr, M. and Schumann, S. and Siegert, F. and Winter, J.",
      title = "{Event generation with \SHERPA 1.1}",
      eprint = "0811.4622",
      archivePrefix = "arXiv",
      primaryClass = "hep-ph",
      reportNumber = "FERMILAB-PUB-08-477-T, SLAC-PUB-13420, ZU-TH-17-08, DCPT-08-138, IPPP-08-69, EDINBURGH-2008-30, MCNET-08-14",
      doi = "10.1088/1126-6708/2009/02/007",
      journal = "JHEP",
      volume = "02",
      pages = "007",
      year = "2009"
}
@article{HERWIG,
      author = "Bahr, M. and others",
      title = "{\HERWIGpp physics and manual}",
      eprint = "0803.0883",
      archivePrefix = "arXiv",
      primaryClass = "hep-ph",
      reportNumber = "CERN-PH-TH-2008-038, CAVENDISH-HEP-08-03, KA-TP-05-2008, DCPT-08-22, IPPP-08-11, CP3-08-05",
      doi = "10.1140/epjc/s10052-008-0798-9",
      journal = "Eur. Phys. J. C",
      volume = "58",
      pages = "639",
      year = "2008"
}
@article{Sirunyan:2019dfx,
      author = "{CMS Collaboration}",
      title = "Extraction and validation of a new set of {CMS} {\PYTHIA} $8$ tunes from underlying-event measurements",
      eprint = "1903.12179",
      archivePrefix = "arXiv",
      primaryClass = "hep-ex",
      reportNumber = "CMS-GEN-17-001, CERN-EP-2019-007",
      doi = "10.1140/epjc/s10052-019-7499-4",
      journal = "Eur. Phys. J. C",
      volume = "80",
      number = "1",
      pages = "4",
      year = "2020"
}
@article{Alwall:2007fs,
      author         = "Alwall, Johan and others",
      title          = "Comparative study of various algorithms for the merging
                        of parton showers and matrix elements in hadronic
                        collisions",
      journal        = "Eur. Phys. J. C",
      volume         = "53",
      year           = "2008",
      pages          = "473",
      doi            = "10.1140/epjc/s10052-007-0490-5",
      eprint         = "0706.2569",
      archivePrefix  = "arXiv",
      primaryClass   = "hep-ph",
      reportNumber   = "SLAC-PUB-12604, CERN-PH-TH-2007-066, LU-TP-07-13,
                        KA-TP-06-2007, DCPT-07-62, IPPP-07-31",
      SLACcitation   = "%%CITATION = ARXIV:0706.2569;%%"
}
@article{Frederix:2012ps,
      author         = "Frederix, Rikkert and Frixione, Stefano",
      title          = "Merging meets matching in {MC@NLO}",
      journal        = "JHEP",
      volume         = "12",
      year           = "2012",
      pages          = "061",
      doi            = "10.1007/JHEP12(2012)061",
      eprint         = "1209.6215",
      archivePrefix  = "arXiv",
      primaryClass   = "hep-ph",
      reportNumber   = "CERN-PH-TH-2012-247, ZU-TH-21-12",
      SLACcitation   = "%%CITATION = ARXIV:1209.6215;%%"
}
%POWHEG
@article{Nason:2004rx,
      author         = "Nason, Paolo",
      title          = "A new method for combining {NLO} {QCD} with shower {Monte}
                        {Carlo} algorithms",
      journal        = "JHEP",
      volume         = "11",
      year           = "2004",
      pages          = "040",
      doi            = "10.1088/1126-6708/2004/11/040",
      eprint         = "hep-ph/0409146",
      archivePrefix  = "arXiv",
      primaryClass   = "hep-ph",
      reportNumber   = "BICOCCA-FT-04-11",
      SLACcitation   = "%%CITATION = HEP-PH/0409146;%%"
}
@article{Frixione:2007vw,
      author         = "Frixione, Stefano and Nason, Paolo and Oleari, Carlo",
      title          = "Matching {NLO} {QCD} computations with parton shower
                        simulations: the {\POWHEG} method",
      journal        = "JHEP",
      volume         = "11",
      year           = "2007",
      pages          = "070",
      doi            = "10.1088/1126-6708/2007/11/070",
      eprint         = "0709.2092",
      archivePrefix  = "arXiv",
      primaryClass   = "hep-ph",
      reportNumber   = "BICOCCA-FT-07-9, GEF-TH-21-2007",
      SLACcitation   = "%%CITATION = ARXIV:0709.2092;%%"
}
@article{Alioli:2010xd,
      author         = "Alioli, Simone and Nason, Paolo and Oleari, Carlo and Re,
                        Emanuele",
      title          = "A general framework for implementing {NLO} calculations in
                        shower {Monte} {Carlo} programs: the {\POWHEG \textsc{BOX}}",
      journal        = "JHEP",
      volume         = "06",
      year           = "2010",
      pages          = "043",
      doi            = "10.1007/JHEP06(2010)043",
      eprint         = "1002.2581",
      archivePrefix  = "arXiv",
      primaryClass   = "hep-ph",
      reportNumber   = "DESY-10-018, SFB-CPP-10-22, IPPP-10-11, DCPT-10-22",
      SLACcitation   = "%%CITATION = ARXIV:1002.2581;%%"
}
%ALPGEN
@article{Mangano:2002ea,
    author = "Mangano, M.~L. and Moretti, M. and Piccinini, F. and Pittau, R. and Polosa, A.~D.",
    title = "{ALPGEN, a generator for hard multiparton processes in hadronic collisions}",
    eprint = "hep-ph/0206293",
    archivePrefix = "arXiv",
    reportNumber = "CERN-TH-2002-129, FTN-T-2002-06",
    doi = "10.1088/1126-6708/2003/07/001",
    journal = "JHEP",
    volume = "07",
    pages = "001",
    year = "2003"
}
% SHERPA
@article{Gleisberg:2008ta,
    author = "Gleisberg, T. and Hoeche, S. and Krauss, F. and Schonherr, M. and Schumann, S. and Siegert, F. and Winter, J.",
    title = "{Event generation with SHERPA 1.1}",
    eprint = "0811.4622",
    archivePrefix = "arXiv",
    primaryClass = "hep-ph",
    reportNumber = "FERMILAB-PUB-08-477-T, SLAC-PUB-13420, ZU-TH-17-08, DCPT-08-138, IPPP-08-69, EDINBURGH-2008-30, MCNET-08-14",
    doi = "10.1088/1126-6708/2009/02/007",
    journal = "JHEP",
    volume = "02",
    pages = "007",
    year = "2009"
}
%%%%%%%%%%%%%%%%%%%%%%%%%%%%%%%%%%%%%%%%%%%%%%%%%%%%%%%%%%%%%%%%%%%%%%%%%%%%%%%%%

%%%%%%%%%%%%%%%%%%%%%%%%%%%%%%%%%%%%%%%%%%%%%%%%%%%%%%%%%%%%%%%%%%%%%%%%%%%%%%%%%
% Analyses of SM single Higgs boson production by ATLAS and CMS
@article{ATLAS:2014aga,
    author = "{ATLAS Collaboration}",
    title = "{Observation and measurement of Higgs boson decays to $\PW\PW^{*}$ with the ATLAS detector}",
    eprint = "1412.2641",
    archivePrefix = "arXiv",
    primaryClass = "hep-ex",
    reportNumber = "CERN-PH-EP-2014-270",
    doi = "10.1103/PhysRevD.92.012006",
    journal = "Phys. Rev. D",
    volume = "92",
    number = "1",
    pages = "012006",
    year = "2015"
}
@article{Aad:2015vsa,
    author = "{ATLAS Collaboration}",
    title = "{Evidence for the Higgs-boson Yukawa coupling to tau leptons with the ATLAS detector}",
    eprint = "1501.04943",
    archivePrefix = "arXiv",
    primaryClass = "hep-ex",
    reportNumber = "CERN-PH-EP-2014-262",
    doi = "10.1007/JHEP04(2015)117",
    journal = "JHEP",
    volume = "04",
    pages = "117",
    year = "2015"
}
@article{CMS-HIG-13-004,
    author = "{CMS Collaboration}",
    title = "{Evidence for the $125$~\GeV Higgs boson decaying to a pair of $\Pgt$ leptons}",
    eprint = "1401.5041",
    archivePrefix = "arXiv",
    primaryClass = "hep-ex",
    reportNumber = "CMS-HIG-13-004, CERN-PH-EP-2014-001",
    doi = "10.1007/JHEP05(2014)104",
    journal = "JHEP",
    volume = "05",
    pages = "104",
    year = "2014"
}
@TECHREPORT{CMS-HIG-13-027,
     author        = "{CMS Collaboration}",
     title         = "{Search for the Standard Model Higgs boson in the $\PHiggs \to \PW\PW \to \Plepton\Pnu\textrm{jj}$ decay channel in $\Pp\Pp$ collisions at the LHC}",
     URL           = "{http://cds.cern.ch/record/1743804}",
     type          = "{CMS Physics Analysis Summary}",
     reportNumber        = "CMS-PAS-HIG-13-027",
     year          = "CMS-PAS-HIG-13-027",
     SLACcitation  = "%%CITATION = CMS-PAS-HIG-13-027;%%"
}
%%%%%%%%%%%%%%%%%%%%%%%%%%%%%%%%%%%%%%%%%%%%%%%%%%%%%%%%%%%%%%%%%%%%%%%%%%%%%%%%%

%%%%%%%%%%%%%%%%%%%%%%%%%%%%%%%%%%%%%%%%%%%%%%%%%%%%%%%%%%%%%%%%%%%%%%%%%%%%%%%%%
% Analyses of SM Higgs boson pair-production by ATLAS and CMS
@article{Aad:2019yxi,
    author = "{ATLAS Collaboration}",
    title = "{Search for non-resonant Higgs boson pair production in the $\Pbottom\Pbottom\Plepton\Pnu\Plepton\Pnu$ final state with the ATLAS detector in $\Pp\Pp$ collisions at $\sqrt{s}=13$~\TeV}",
    eprint = "1908.06765",
    archivePrefix = "arXiv",
    primaryClass = "hep-ex",
    reportNumber = "CERN-EP-2019-143",
    doi = "10.1016/j.physletb.2019.135145",
    journal = "Phys. Lett. B",
    volume = "801",
    pages = "135145",
    year = "2020"
}
@article{Aaboud:2018zhh,
    author = "{ATLAS Collaboration}",
    title = "{Search for Higgs boson pair production in the $\Pbottom\Pbottom\PW\PW^{*}$ decay mode at $\sqrt{s}=13$~\TeV with the ATLAS detector}",
    eprint = "1811.04671",
    archivePrefix = "arXiv",
    primaryClass = "hep-ex",
    reportNumber = "CERN-EP-2018-237",
    doi = "10.1007/JHEP04(2019)092",
    journal = "JHEP",
    volume = "04",
    pages = "092",
    year = "2019"
}
@article{Aaboud:2018sfw,
    author = "{ATLAS Collaboration}",
    title = "{Search for resonant and non-resonant Higgs boson pair production in the $\Pbottom\Pbottom\Pgt^{+}\Pgt^{-}$ decay channel in $\Pp\Pp$ collisions at $\sqrt{s}=13$~\TeV with the ATLAS detector}",
    eprint = "1808.00336",
    archivePrefix = "arXiv",
    primaryClass = "hep-ex",
    reportNumber = "CERN-EP-2018-164",
    doi = "10.1103/PhysRevLett.121.191801",
    journal = "Phys. Rev. Lett.",
    volume = "121",
    number = "19",
    pages = "191801",
    year = "2018",
    note = "[Erratum: Phys.Rev.Lett. 122, 089901 (2019)]"
}
@article{CMS-HIG-17-002,
    author = "{CMS Collaboration}",
    title = "{Search for Higgs boson pair production in events with two bottom quarks and two tau leptons in proton-proton collisions at $\sqrt{s}=13$~\TeV}",
    eprint = "1707.02909",
    archivePrefix = "arXiv",
    primaryClass = "hep-ex",
    reportNumber = "CMS-HIG-17-002, CERN-EP-2017-126",
    doi = "10.1016/j.physletb.2018.01.001",
    journal = "Phys. Lett. B",
    volume = "778",
    pages = "101",
    year = "2018"
}
@article{CMS-HIG-17-006,
    author = "{CMS Collaboration}",
    title = "{Search for resonant and non-resonant Higgs boson pair production in the $\Pbottom\APbottom\Plepton\Pnu\Plepton\Pnu$ final state in proton-proton collisions at $\sqrt{s}=13$~\TeV}",
    eprint = "1708.04188",
    archivePrefix = "arXiv",
    primaryClass = "hep-ex",
    reportNumber = "CMS-HIG-17-006, CERN-EP-2017-168",
    doi = "10.1007/JHEP01(2018)054",
    journal = "JHEP",
    volume = "01",
    pages = "054",
    year = "2018"
}
%%%%%%%%%%%%%%%%%%%%%%%%%%%%%%%%%%%%%%%%%%%%%%%%%%%%%%%%%%%%%%%%%%%%%%%%%%%%%%%%%

%%%%%%%%%%%%%%%%%%%%%%%%%%%%%%%%%%%%%%%%%%%%%%%%%%%%%%%%%%%%%%%%%%%%%%%%%%%%%%%%%
% Technical design reports for HL-LHC upgrade
@article{TDR_Phase2_LHC,
      author         = "Apollinari, G. and B{\'e}jar Alonso, I. and Br{\"u}ning, O. and
                        Fessia, P. and Lamont, M. and Rossi, L. and Tavian, L.",
      title          = "{High-Luminosity Large Hadron Collider (HL-LHC)}",
      journal        = "CERN Yellow Rep. Monogr.",
      volume         = "4",
      year           = "2017",
      pages          = "1",
      doi            = "10.23731/CYRM-2017-004",
      reportNumber   = "CERN-2017-007-M",
      SLACcitation   = "%%CITATION = CERN-2017-007-M;%%"
}
%%%%%%%%%%%%%%%%%%%%%%%%%%%%%%%%%%%%%%%%%%%%%%%%%%%%%%%%%%%%%%%%%%%%%%%%%%%%%%%%%

%%%%%%%%%%%%%%%%%%%%%%%%%%%%%%%%%%%%%%%%%%%%%%%%%%%%%%%%%%%%%%%%%%%%%%%%%%%%%%%%%
% anti-kT jet reconstruction algorithm
@article{Cacciari:2008gp,
      author         = "Cacciari, M. and Salam, G. P. and Soyez, G.",
      title          = "The anti-\kt jet clustering algorithm",
      journal        = "JHEP",
      volume         = "04",
      year           = "2008",
      pages          = "063",
      doi            = "10.1088/1126-6708/2008/04/063",
      eprint         = "0802.1189",
      archivePrefix  = "arXiv",
      primaryClass   = "hep-ph",
      reportNumber   = "LPTHE-07-03",
      SLACcitation   = "%%CITATION = ARXIV:0802.1189;%%"
}
@article{Cacciari:2011ma,
      author         = "Cacciari, M. and Salam, G. P. and Soyez, G.",
      title          = "{FastJet} user manual",
      journal        = "Eur. Phys. J. C",
      volume         = "72",
      year           = "2012",
      pages          = "1896",
      doi            = "10.1140/epjc/s10052-012-1896-2",
      eprint         = "1111.6097",
      archivePrefix  = "arXiv",
      primaryClass   = "hep-ph",
      reportNumber   = "CERN-PH-TH-2011-297",
      SLACcitation   = "%%CITATION = ARXIV:1111.6097;%%"
}
%%%%%%%%%%%%%%%%%%%%%%%%%%%%%%%%%%%%%%%%%%%%%%%%%%%%%%%%%%%%%%%%%%%%%%%%%%%%%%%%%

%%%%%%%%%%%%%%%%%%%%%%%%%%%%%%%%%%%%%%%%%%%%%%%%%%%%%%%%%%%%%%%%%%%%%%%%%%%%%%%%%
% Les Houches Event (LHE) file format
@article{Alwall:2006yp,
    author = "Alwall, J. and others",
    title = "{A standard format for Les Houches event files}",
    eprint = "hep-ph/0609017",
    archivePrefix = "arXiv",
    reportNumber = "FERMILAB-PUB-06-337-T, CERN-LCGAPP-2006-03",
    doi = "10.1016/j.cpc.2006.11.010",
    journal = "Comput. Phys. Commun.",
    volume = "176",
    pages = "300",
    year = "2007"
}
%%%%%%%%%%%%%%%%%%%%%%%%%%%%%%%%%%%%%%%%%%%%%%%%%%%%%%%%%%%%%%%%%%%%%%%%%%%%%%%%%

%%%%%%%%%%%%%%%%%%%%%%%%%%%%%%%%%%%%%%%%%%%%%%%%%%%%%%%%%%%%%%%%%%%%%%%%%%%%%%%%%
% Book on statistics (least-squares method, Binomial distribution)
@book{Cowan:1998ji,
    author = "Cowan, G.",
    title = "{Statistical data analysis}",
    isbn = "978-0-19-850156-5",
    publisher = {Oxford University Press},
    year = "1998"
}
%%%%%%%%%%%%%%%%%%%%%%%%%%%%%%%%%%%%%%%%%%%%%%%%%%%%%%%%%%%%%%%%%%%%%%%%%%%%%%%%%

%%%%%%%%%%%%%%%%%%%%%%%%%%%%%%%%%%%%%%%%%%%%%%%%%%%%%%%%%%%%%%%%%%%%%%%%%%%%%%%%%
% Overview of contemporary challenges in MC generators
@article{HSFPhysicsEventGeneratorWG:2020gxw,
    author = "Amoroso, Simone and others",
    editor = "Valassi, Andrea and Yazgan, Efe and McFayden, Josh",
    collaboration = "HSF Physics Event Generator WG",
    title = "{Challenges in Monte Carlo event generator software for High\nobreakdash-Luminosity LHC}",
    eprint = "2004.13687",
    archivePrefix = "arXiv",
    primaryClass = "hep-ph",
    reportNumber = "CERN-LPCC-2020-002, FERMILAB-PUB-20-183-SCD-T, MCNET-20-15",
    doi = "10.1007/s41781-021-00055-1",
    journal = "Comput. Softw. Big Sci.",
    volume = "5",
    number = "1",
    pages = "12",
    year = "2021"
}
%%%%%%%%%%%%%%%%%%%%%%%%%%%%%%%%%%%%%%%%%%%%%%%%%%%%%%%%%%%%%%%%%%%%%%%%%%%%%%%%%

%%%%%%%%%%%%%%%%%%%%%%%%%%%%%%%%%%%%%%%%%%%%%%%%%%%%%%%%%%%%%%%%%%%%%%%%%%%%%%%%%
% SM cross sections for Drell-Yan, W+jets, and tt+jets production
@article{Melnikov:2006kv,
    author = "Melnikov, Kirill and Petriello, Frank",
    title = "{Electroweak gauge boson production at hadron colliders through $O(\alpha_s^2)$}",
    eprint = "hep-ph/0609070",
    archivePrefix = "arXiv",
    reportNumber = "UH-511-1092-06",
    doi = "10.1103/PhysRevD.74.114017",
    journal = "Phys. Rev. D",
    volume = "74",
    pages = "114017",
    year = "2006"
}
@article{Li:2012wna,
      author         = "Li, Ye and Petriello, Frank",
      title          = "Combining {QCD} and electroweak corrections to dilepton
                        production in {\textsc{FEWZ}}",
      journal        = "Phys. Rev. D",
      volume         = "86",
      year           = "2012",
      pages          = "094034",
      doi            = "10.1103/PhysRevD.86.094034",
      eprint         = "1208.5967",
      archivePrefix  = "arXiv",
      primaryClass   = "hep-ph",
      reportNumber   = "ANL-HEP-PR-12-68",
      SLACcitation   = "%%CITATION = ARXIV:1208.5967;%%"
}
@article{Czakon:2011xx,
    author = "Czakon, Michal and Mitov, Alexander",
    title = "{\TOPpp: A program for the calculation of the top-pair cross section at hadron colliders}",
    eprint = "1112.5675",
    archivePrefix = "arXiv",
    primaryClass = "hep-ph",
    reportNumber = "CERN-PH-TH-2011-303, TTK-11-58",
    doi = "10.1016/j.cpc.2014.06.021",
    journal = "Comput. Phys. Commun.",
    volume = "185",
    pages = "2930",
    year = "2014"
}
%%%%%%%%%%%%%%%%%%%%%%%%%%%%%%%%%%%%%%%%%%%%%%%%%%%%%%%%%%%%%%%%%%%%%%%%%%%%%%%%%

%%%%%%%%%%%%%%%%%%%%%%%%%%%%%%%%%%%%%%%%%%%%%%%%%%%%%%%%%%%%%%%%%%%%%%%%%%%%%%%%%
% Technical design report for Phase-2 HLT upgrade
@TECHREPORT{TDR-21-001,
     author        = "{CMS Collaboration}",
     title         = "{The Phase-2 upgrade of the CMS data acquisition and high-level trigger}",
     type          = "{Technical Design Report, in preparation}",
     reportNumber  = "{In preparation}",
}
%%%%%%%%%%%%%%%%%%%%%%%%%%%%%%%%%%%%%%%%%%%%%%%%%%%%%%%%%%%%%%%%%%%%%%%%%%%%%%%%%

%%%%%%%%%%%%%%%%%%%%%%%%%%%%%%%%%%%%%%%%%%%%%%%%%%%%%%%%%%%%%%%%%%%%%%%%%%%%%%%%%
% NNPDF3.1
@article{NNPDF:2017mvq,
    author = "{NNPDF Collaboration}",
    title = "{Parton distributions from high-precision collider data}",
    eprint = "1706.00428",
    archivePrefix = "arXiv",
    primaryClass = "hep-ph",
    reportNumber = "EDINBURGH-2017-08, NIKHEF-2017-006, OUTP-17-04P, TIF-UNIMI-2017-3, CAVENDISH-HEP-17-06, CERN-TH-2017-077, Edinburgh 2017/08,
  Nikhef/2017-006, OUTP-17-04P,TIF-UNIMI-2017-3",
    doi = "10.1140/epjc/s10052-017-5199-5",
    journal = "Eur. Phys. J. C",
    volume = "77",
    pages = "663",
    year = "2017"
}
%%%%%%%%%%%%%%%%%%%%%%%%%%%%%%%%%%%%%%%%%%%%%%%%%%%%%%%%%%%%%%%%%%%%%%%%%%%%%%%%%

%%%%%%%%%%%%%%%%%%%%%%%%%%%%%%%%%%%%%%%%%%%%%%%%%%%%%%%%%%%%%%%%%%%%%%%%%%%%%%%%%
% global SM precision fits
@article{Baak:2014ora,
    author = "{Baak, M. and C\'uth, J. and Haller, J. and Hoecker, A. and Kogler, R. and M\"onig, K. and Schott, M. and Stelzer, J.},
    collaboration = "Gfitter Group",
    title = "{The global electroweak fit at NNLO and prospects for the LHC and ILC}",
    eprint = "1407.3792",
    archivePrefix = "arXiv",
    primaryClass = "hep-ph",
    reportNumber = "DESY-14-124",
    doi = "10.1140/epjc/s10052-014-3046-5",
    journal = "Eur. Phys. J. C",
    volume = "74",
    pages = "3046",
    year = "2014"
}
%%%%%%%%%%%%%%%%%%%%%%%%%%%%%%%%%%%%%%%%%%%%%%%%%%%%%%%%%%%%%%%%%%%%%%%%%%%%%%%%%

%%%%%%%%%%%%%%%%%%%%%%%%%%%%%%%%%%%%%%%%%%%%%%%%%%%%%%%%%%%%%%%%%%%%%%%%%%%%%%%%%
% Measurements of differential cross sections for W+jets production at the LHC
@article{CMS:2016qqr,
    author = "{CMS Collaboration}",
    title = "{Measurement of the differential cross section and charge asymmetry for inclusive $\Pp\Pp \to \PW^{\pm} + \textrm{X}$ production at $\sqrt{s} = 8$~\TeV}",
    eprint = "1603.01803",
    archivePrefix = "arXiv",
    primaryClass = "hep-ex",
    reportNumber = "CMS-SMP-14-022, CERN-EP-2016-043",
    doi = "10.1140/epjc/s10052-016-4293-4",
    journal = "Eur. Phys. J. C",
    volume = "76",
    number = "8",
    pages = "469",
    year = "2016"
}
@article{ATLAS:2016nqi,
    author = "{ATLAS Collaboration}",
    title = "{Precision measurement and interpretation of inclusive $\PW^{+}$ , $\PW^{-}$ and $\PZ/\Pggx$ production cross sections with the ATLAS detector}",
    eprint = "1612.03016",
    archivePrefix = "arXiv",
    primaryClass = "hep-ex",
    reportNumber = "CERN-EP-2016-272",
    doi = "10.1140/epjc/s10052-017-4911-9",
    journal = "Eur. Phys. J. C",
    volume = "77",
    number = "6",
    pages = "367",
    year = "2017"
}
@article{ATLAS:2019fgb,
    author = "{ATLAS Collaboration}",
    title = "{Measurement of the cross section and charge asymmetry of $\PW$ bosons produced in $\Pp\Pp$ collisions at $\sqrt{s} = 8$~\TeV with the ATLAS detector}",
    eprint = "1904.05631",
    archivePrefix = "arXiv",
    primaryClass = "hep-ex",
    reportNumber = "CERN-EP-2019-053",
    doi = "10.1140/epjc/s10052-019-7199-0",
    journal = "Eur. Phys. J. C",
    volume = "79",
    number = "9",
    pages = "760",
    year = "2019"
}
@article{CMS:2020cph,
    author = "{CMS Collaboration}",
    title = "{Measurements of the $\PW$ boson rapidity, helicity, double-differential cross sections, and charge asymmetry in $\Pp\Pp$ collisions at $\sqrt{s} = 13$~\TeV}",
    eprint = "2008.04174",
    archivePrefix = "arXiv",
    primaryClass = "hep-ex",
    reportNumber = "CMS-SMP-18-012, CERN-EP-2020-116",
    doi = "10.1103/PhysRevD.102.092012",
    journal = "Phys. Rev. D",
    volume = "102",
    number = "9",
    pages = "092012",
    year = "2020"
}
%%%%%%%%%%%%%%%%%%%%%%%%%%%%%%%%%%%%%%%%%%%%%%%%%%%%%%%%%%%%%%%%%%%%%%%%%%%%%%%%%

%%%%%%%%%%%%%%%%%%%%%%%%%%%%%%%%%%%%%%%%%%%%%%%%%%%%%%%%%%%%%%%%%%%%%%%%%%%%%%%%%
% Measurements of the cross sections for the associated production of W bosons with charm quarks
@article{CMS:2013wql,
    author = "{CMS Collaboration}",
    title = "{Measurement of associated $\PW \, + \, \textrm{charm}$ production in $\Pp\Pp$ collisions at $\sqrt{s} = 7$~\TeV}",
    eprint = "1310.1138",
    archivePrefix = "arXiv",
    primaryClass = "hep-ex",
    reportNumber = "CMS-SMP-12-002, CERN-PH-EP-2013-149",
    doi = "10.1007/JHEP02(2014)013",
    journal = "JHEP",
    volume = "02",
    pages = "013",
    year = "2014"
}
@article{ATLAS:2014jkm,
    author = "{ATLAS Collaboration}",
    title = "{Measurement of the production of a $\PW$ boson in association with a charm quark in $\Pp\Pp$ collisions at $\sqrt{s} = 7$~\TeV with the ATLAS detector}",
    eprint = "1402.6263",
    archivePrefix = "arXiv",
    primaryClass = "hep-ex",
    reportNumber = "CERN-PH-EP-2014-007",
    doi = "10.1007/JHEP05(2014)068",
    journal = "JHEP",
    volume = "05",
    pages = "068",
    year = "2014"
}
@article{CMS:2018dxg,
    author = "{CMS Collaboration}",
    title = "{Measurement of associated production of a $\PW$ boson and a charm quark in proton-proton collisions at $\sqrt{s} = 13$~\TeV}",
    eprint = "1811.10021",
    archivePrefix = "arXiv",
    primaryClass = "hep-ex",
    reportNumber = "CMS-SMP-17-014, CERN-EP-2018-282",
    doi = "10.1140/epjc/s10052-019-6752-1",
    journal = "Eur. Phys. J. C",
    volume = "79",
    number = "3",
    pages = "269",
    year = "2019"
}
%%%%%%%%%%%%%%%%%%%%%%%%%%%%%%%%%%%%%%%%%%%%%%%%%%%%%%%%%%%%%%%%%%%%%%%%%%%%%%%%%

%%%%%%%%%%%%%%%%%%%%%%%%%%%%%%%%%%%%%%%%%%%%%%%%%%%%%%%%%%%%%%%%%%%%%%%%%%%%%%%%%
% Multinomial distribution
@book{evans2011statistical,
  title=" {Statistical distributions}",
  author={Evans, M. and Hastings, N. and Peacock, B. and Forbes, C.},
  isbn={9781118097823},
  year={2011},
  publisher={Wiley}
}
%%%%%%%%%%%%%%%%%%%%%%%%%%%%%%%%%%%%%%%%%%%%%%%%%%%%%%%%%%%%%%%%%%%%%%%%%%%%%%%%%

%%%%%%%%%%%%%%%%%%%%%%%%%%%%%%%%%%%%%%%%%%%%%%%%%%%%%%%%%%%%%%%%%%%%%%%%%%%%%%%%%
% Improvements to ATLAS MC production scheme for LHC Run 3
@article{ATLAS:2021yza,
    author = "{ATLAS Collaboration}",
    title = "{Modelling and computational improvements to the simulation of single vector-boson plus jet processes for the ATLAS experiment}",
    eprint = "2112.09588",
    archivePrefix = "arXiv",
    primaryClass = "hep-ex",
    reportNumber = "CERN-EP-2021-231",
    month = "12",
    year = "2021"
}
%%%%%%%%%%%%%%%%%%%%%%%%%%%%%%%%%%%%%%%%%%%%%%%%%%%%%%%%%%%%%%%%%%%%%%%%%%%%%%%%%
